@article{projective_dynamics,
	author = {Bouaziz, Sofien and Martin, Sebastian and Liu, Tiantian and Kavan, Ladislav and Pauly, Mark},
	title = {Projective Dynamics: Fusing Constraint Projections for Fast Simulation},
	journal = {ACM Trans. Graph.},
	volume = {33},
	number = {4},
	year = {2014},
	pages = {154:1--154:11},
	doi = {10.1145/2601097.2601116},
}
@article{fast_mass_spring,
	author = {Liu, Tiantian and Bargteil, Adam W. and O'Brien, James F. and Kavan, Ladislav},
	title = {Fast Simulation of Mass-spring Systems},
	journal = {ACM Trans. Graph.},
	volume = {32},
	number = {6},
	year = {2013},
	pages = {214:1--214:7},
	doi = {10.1145/2508363.2508406},
} 

